1980 3134
161 102 196 152 1²
421 99 662 149 ΗΣΙΟΔΟΥ

158 201 297 278 (Ηρακλέης
312 196 453 275 βουλῇσιν’
446 204 585 274 Αθηναίης
598 195 719 299 ἀμελείης.

160 310 177 359 η
165 283 217 342 δὲ
227 285 386 361 Χίμαιραν’
371 306 457 352 ετικτε,
469 287 601 342 πνέουσαν
612 280 788 359 ἀμαιμάκετον
802 284 863 360 πῦρ

100 384 141 428 τευ
161 365 242 440 δεινίμ
253 390 281 425 τε
260 365 404 451 μεμάλνμ
414 390 443 425 τε
456 365 575 427 ποδώκεά
586 389 615 424 τε
626 363 750 444 κρατερίμ
763 389 796 424 τε.

161 475 206 526 της
218 449 272 507 δ
256 475 288 524 ην
299 458 366 528 τρεῖς
377 454 500 525 κεφαλαί·
520 454 611 528 μία
580 474 626 527 μεν
636 456 769 527 χαροποῖο
782 452 892 516 λίοντος

161 561 178 609 η
166 533 219 593 “δί
228 538 356 612 χιμαίρης,
368 559 385 608 η
373 530 453 590 δ
438 557 520 609 οφιας,
533 541 668 611 κρατεροῖο
681 531 831 610 δράκοντας.

164 616 283 698 [πρόσθε
293 623 362 685 λίαν,
376 613 473 678 όποθεν
486 619 513 676 δὲ
527 614 634 695 δράκων,
646 621 730 692 μέσση
743 618 810 674 δὲ’
779 641 898 695 χιμαιρα,

163 699 244 762 δεινόν
257 698 438 762 άποπνείουσα
450 699 532 780 πυρός
543 705 619 778 μίνος
631 701 805 777 αἰθομένοιο]

102 802 140 846 εἳτ
162 784 208 860 τίμ
218 791 265 863 μίν
278 783 409 865 Πήγασος
421 781 470 844 εἷλε
481 786 526 843 καί
539 782 638 850 ἐσθλὸς
649 781 864 860 Βελλεροφόντης.

162 867 179 942 ἦ
192 871 208 926 δ
212 867 219 886 ’
235 867 287 946 ἆρα
302 865 358 928 Φῖιῖ
375 865 452 942 όλοίμ
464 874 525 935 τέκε,
537 869 708 966 Καδμείοισιν
719 865 841 945 όλεθρον,

159 951 271 1062 Ὄρθρηι
276 951 472 1029 ὑποδμηθεῖσα,
487 951 629 1028 Νεμειαῖόν
640 974 668 1010 τε
680 955 781 1052 λεόμτα,

163 1062 209 1096 ταν
222 1063 237 1116 ρ
259 1034 327 1114 Ηρη
341 1041 481 1142 θρέψασα,
494 1035 559 1102 Διὸς
570 1033 647 1109 κυδνίη
658 1033 812 1112 παράκοιτις

163 1127 305 1222 γουνοῖσιν
306 1125 450 1180 κατένασσε
464 1122 628 1195 Νεμείης,
595 1144 649 1196 πημ
648 1115 833 1196 ’ἀνθρώποις

102 1220 141 1263 τοο
162 1200 253 1265 ἔνθ’
235 1228 269 1310 αρ
290 1201 324 1285 ὅμ
323 1202 443 1264 ὀἰκείων
455 1207 601 1280 ἐλεφαίρετο
615 1199 672 1276 φῦλ’
687 1199 845 1281 ἀνθρώπων,

163 1292 301 1366 κοιρανέειν
316 1294 434 1366 Τρητοῖο,
450 1291 570 1363 Νεμείης,
583 1282 626 1360 ἧδ’
640 1283 809 1353 Ἀπέσαντος·

165 1368 278 1430 :ww
242 1396 255 1430 ε
267 1395 290 1438 ις
300 1372 435 1450 ἐδάμασσε
447 1373 502 1447 βίης
512 1370 687 1472 Ἡρακληείης

225 1453 306 1529 Κητιίι
318 1453 344 1513 δ’
359 1453 507 1515 ὁπλότατον
522 1452 620 1533 Φόρκυι
632 1453 749 1529 φιλότητι
758 1461 864 1535 μιμεῖσα

165 1544 268 1621 μείνασα
281 1537 364 1599 δεινόν
377 1536 444 1614 όφιν,
459 1536 489 1606 ὃς
502 1540 604 1618 ἐρεμνῆς
615 1537 724 1598 κεύθεσι
735 1543 811 1618 μαίης

104 1640 143 1684 335
164 1629 283 1702 πείρασιν
295 1629 321 1683 ἐν
332 1623 455 1702 μεγάλοις
465 1622 620 1703 παμχριίσεα
632 1625 700 1700 μῆλα
714 1621 849 1695 φυλάσσει.

166 1709 243 1766 τοῦτο
255 1710 301 1783 μίν
311 1712 339 1764 ἐκ
349 1709 453 1780 Κητοῦς
464 1709 509 1766 καί
522 1705 655 1784 Φόρκυνος
666 1710 740 1786 χίνος
751 1710 812 1763 ἐστί

229 1787 321 1863 Τηθὺς
333 1786 360 1846 δ’
371 1786 486 1866 Ὠκεανῷ
498 1787 635 1866 παταμοίνς
646 1794 701 1847 τίκα
713 1787 849 1862 δινήεντας,

166 1871 264 1933 Νεῖλόν
276 1870 298 1932 τ’
311 1870 426 1948 Ἀλφειόν
439 1896 467 1931 τε
478 1876 524 1932 καὶ
534 1869 675 1951 Ἠριδανὸν
688 1873 842 1948 βαθυδίνην,

165 1954 312 2035 Στρυμόνα,
324 1954 481 2034 Μαίανδρόν
493 1980 521 2016 τε
533 1953 599 2015 καί
594 1968 691 2035 Ιστρον
702 1960 895 2034 καλλιρέεθρον,

104 2053 143 2099 340
168 2044 253 2101 Φᾶσίν
265 2065 294 2100 τε
301 2037 438 2114 Ῥἤσόνὴ
449 2037 606 2118 Αχεληιον
584 2066 599 2100 τ
624 2037 800 2143 ἇρηυροδίνρμ,

167 2128 276 2185 Νέσσον
288 2148 316 2183 τε
324 2121 425 2184 Ῥόδιόν
436 2121 468 2181 θ
470 2122 642 2201 ,Ἁλιάκμονά
653 2121 685 2182 θ’
696 2120 861 2200 Ἑπτάπορόν
873 2147 908 2190 τε,

166 2205 290 2309 Γμμικβν
300 2231 328 2266 τε
340 2209 385 2266 καί
397 2213 525 2282 Αίσηπαν,
539 2207 616 2269 θεῖόν
628 2231 656 2266 τε
667 2208 809 2286 Σιμουντα,

165 2289 278 2366 Πηνειόν
289 2315 319 2350 τε
330 2294 375 2350 καί
383 2289 485 2369 Ἐρμον,
497 2295 624 2371 ἐϋρρείτην
634 2314 663 2350 τι
673 2288 784 2357 Κάῖκον,

166 2371 318 2476 Σαχμάριόν
329 2399 358 2434 τε
368 2380 458 2476 μάχαν,
470 2373 586 2434 Λάδωνά
598 2397 626 2433 τε
637 2370 794 2450 Παρθενιόν
806 2396 843 2440 τε,

105 2469 144 2516 εῖτ
168 2455 267 2531 Εὔηνόν
278 2481 306 2516 τε
318 2482 364 2516 και
354 2455 520 2536 Αδρησκον,
533 2455 612 2518 θεῖόν
624 2481 652 2517 τε
662 2455 842 2564 Σκάμανδρον

229 2544 303 2600 Τίκτε
314 2543 342 2600 δι’
353 2543 530 2643 θνμαιιίριιν
519 2540 588 2645 ιερίιν
599 2545 680 2643 μόνος,
695 2565 723 2599 αι
733 2536 803 2599 κατά
813 2545 894 2620 μαῖαν

168 2621 266 2704 ἄνδρας
276 2623 463 2705 κουρίζουσι
436 2649 485 2686 συν
493 2621 662 2687 Απόλλωνι”
644 2647 738 2686 ανακιι
