1986 3158
218 230 221 236 ,
324 178 611 228 ΘΕΟΓΟΝῙΑ.
813 179 846 231 13

83 280 128 339 καί
139 285 277 356 ποταμοῖς,
290 275 386 351 ταύτην
398 279 426 336 δὲ
439 275 503 346 Διὸς
515 275 591 355 πάρα
601 284 698 356 μοῖραν
710 279 807 353 ἔχουσι,

84 360 182 422 Πειθώ
195 360 217 421 τ’
233 358 343 439 Ἀὅμήτη
356 385 392 430 τε,
404 358 499 435 Ἰάνθη
512 358 534 420 τ’
548 358 670 438 Ἠλέκτρη
683 386 719 430 τε,

86 449 171 524 Δωρίς
182 469 211 504 τε
223 443 339 522 Πρυμνώ
351 469 379 503 τε
392 447 437 502 καί
452 442 564 522 Ούρανίη
576 443 705 518 θεοειδής,
870 461 909 505 ³5⁰

82 529 167 590 Ἱππώ
177 553 205 587 τε
215 533 335 605 Κλυμένη
348 552 383 597 τε,
393 527 493 588 Ῥόδειά
505 551 534 586 τε
544 527 677 606 Καλλιρόη
689 552 724 596 τε,

86 612 171 680 Ζευξώ
182 636 210 671 τε
221 617 319 686 Κλυτίη
331 635 367 680 τε,
379 608 459 671 Ἰὃυῖά
476 635 504 670 τε
516 610 650 686 Πασιθόη
662 636 698 680 τε,

85 694 229 773 Πληξαύρη
240 719 268 753 τε
280 694 437 774 Γαλαξαύρη
448 691 480 763 τ’,
494 694 572 773 ἐρατή
584 719 613 774 τε
624 695 709 770 Διώνη

87 777 241 855 Μηλόβοσίς
253 803 288 847 τε,
305 778 360 853 Θόη
372 803 400 837 τε
412 781 457 837 καί
470 777 564 854 εὐειδὴς
575 778 728 858 Πολυδώρη,

86 867 196 941 Κερκηίς
207 886 242 930 τε,
256 861 323 937 φυὴν
336 861 420 940 ἐρατή,
438 862 551 923 Πλουτώ
566 887 595 921 τε
611 864 716 939 βοῶπις,
870 882 908 924 ³55

85 951 203 1023 Περσηίς
215 942 237 1005 τ’
249 943 360 1023 Ἰάνειρά
375 943 404 1014 τ’,
416 943 525 1019 Ἀκάστη
538 970 565 1006 τε
577 945 673 1021 Ξάνθη
687 973 721 1015 τε,
773 1005 774 1009 ,

87 1034 204 1107 Πετραίη
218 1025 240 1088 τ’
254 1028 375 1107 ἐρόεσσα,
390 1029 526 1088 Μενεσθώ
539 1027 561 1088 τ’
576 1027 687 1108 Εὐρώπη
700 1053 735 1099 τε,

86 1117 173 1187 Μῆτίς
186 1108 208 1172 τ’
223 1109 358 1190 Εύρυνόμη
370 1137 406 1180 τε,
421 1111 547 1173 Τελεσθώ
558 1137 587 1172 τε
599 1113 784 1191 κροκόπεπλος,

86 1200 201 1274 Χρυσηίς
213 1193 235 1255 τ’
237 1192 324 1271 ,Ἀσίη
337 1220 366 1255 τε
378 1199 423 1255 καί
435 1195 578 1275 ἱμερόεσσα
591 1197 719 1275 Καλυψώ,

86 1279 191 1358 Εὐδώρη
203 1304 239 1348 τε,
256 1279 325 1354 Τύχη
338 1304 367 1339 τε
378 1305 422 1340 και
414 1278 546 1359 ’Λμφιρώ
556 1278 667 1381 Ὠκυρόη
679 1306 715 1348 τε,
869 1296 908 1342 360

84 1391 128 1423 και
120 1360 244 1432 ΗίΣτύξ,
229 1390 246 1438 η
259 1363 290 1439 ίή
302 1387 389 1439 σφεων
400 1363 599 1442 προφερεστάτη
612 1363 711 1423 ἐστίν“
695 1370 825 1426 απασέωιι

86 1473 163 1508 αυται
175 1445 201 1504 δ’
215 1443 339 1507 Ὠκεανοῦ
349 1472 394 1506 και
384 1446 517 1521 Τηθύος
529 1453 673 1528 ἐξερίνοντο

85 1530 262 1640 πρεσβύταται
274 1534 374 1634 κοῦραι,
407 1536 504 1590 πολλαί
513 1555 550 1630 με
556 1536 602 1607 μὲν
615 1532 665 1590 εἶσι
677 1557 722 1590 και
714 1529 817 1622 άλλαι.

85 1618 140 1722 τρίς
152 1613 207 1695 μάρ
215 1616 331 1688 χίλιοί’
309 1637 359 1672 εισι
371 1613 532 1691 τανύσφυροι
544 1611 695 1683 Ὠκεανῖναι,

87 1725 114 1757 αι
104 1703 161 1777 “ρα
173 1702 347 1806 πολυσπερέες
357 1722 438 1778 μαιαν
449 1722 493 1754 και
485 1700 605 1798 βένθερι
618 1703 704 1804 λίμνης
869 1714 908 1759 365

85 1780 171 1882 πάντρ
185 1779 267 1882 ὁμῶς
264 1786 398 1855 ἐφέπουσι,
411 1779 502 1840 θεάων
515 1778 642 1862 άμλαά
615 1806 696 1841 τεκνοι

85 1864 180 1924 τόσσοι
193 1861 220 1920 δ’
236 1861 332 1922 αύθ’”
316 1887 398 1941 ετεροι
409 1888 525 1942 ποταμοι
517 1863 670 1940 καναχηδὰ
683 1869 791 1945 ῥέοντες,

84 1951 149 2014 υἱέες
160 1944 292 2015 Ὠκεανοῦ,
309 1945 370 2014 τούς
381 1947 532 2029 ’ρείνατο’
497 1974 590 2009 ποτνια
605 1949 709 2024 Τηθύς·

84 2035 134 2090 τών
146 2027 212 2107 όνομ
210 2026 412 2111 άρμαλὲον
374 2057 478 2130 πριντων
490 2031 586 2110 βροτὸν
595 2029 711 2110 άνὸρα’
686 2059 704 2112 7
722 2036 844 2093 ἕνίοπεικ·

85 2140 112 2174 οι
102 2115 178 2174 ‘6⁸⁶
162 2139 268 2174 εκαστοι
281 2120 377 2183 ἴσασιν,
391 2112 451 2175 ὅσοι
462 2115 678 2194 περιναιετάουσι
869 2129 908 2174 310

148 2203 212 2257 θεία
223 2194 247 2254 δ’
260 2195 359 2258 Ἠίλιόν
371 2223 400 2257 τε
410 2204 492 2279 με’ραν
501 2197 627 2277 λαμπράν
638 2223 666 2258 τε
677 2197 789 2272 Σεληνην

81 2280 137 2341 ’Πῶ
149 2279 190 2350 θ’,
202 2279 220 2356 ἣ
231 2279 372 2341 πάντεσσιν
381 2287 557 2356 ἐπιχθονίοισι
570 2287 668 2358 φαείνει

84 2363 233 2433 άθανάτοις
243 2389 272 2425 τε
284 2372 369 2434 θεοῖς,
381 2369 423 2426 τοί
435 2363 547 2444 οὐρανόν
559 2364 634 2444 εὗρόν
646 2369 742 2440 ἔχουσι,

81 2446 185 2531 γείναθ’
196 2447 373 2525 ύποδμηθεῖσ’
385 2448 537 2527 Ὑπερίονος
549 2457 576 2510 ἐν
589 2448 711 2525 φιλότητι.

143 2538 216 2611 Κρίῳ
229 2531 256 2590 δ
269 2531 380 2611 Εύρυβίη
393 2539 475 2594 τίκτεν
487 2533 603 2609 φιλότητι
614 2543 719 2614 μιμεῖσα
865 2548 905 2592 ³75

80 2613 216 2695 Ἀοτραῖόν
228 2642 256 2675 τε
257 2623 347 2727 μέλαν
356 2616 502 2678 Πάλλαντά
514 2641 549 2687 τε,
562 2620 607 2678 &a
619 2617 719 2685 θεάων,

81 2705 188 2779 Πέρσην
201 2697 266 2758 θ’ι
232 2743 242 2770 ,
257 2699 286 2770 ός
298 2705 343 2761 καί
355 2704 423 2762 πάσι
433 2707 589 2781 μετέπρεπεν
599 2701 774 2781 ῖόμοσύνησιτ
