1980 3134
253 727 672 799 PRAEFATIO.

347 927 584 935 μ*-

347 939 584 948 ———-———

111 1047 296 1130 Dignissimus
311 1056 378 1113 lectu
390 1040 415 1110 et
427 1056 592 1111 consideratu
606 1057 721 1122 ounotis,
732 1057 779 1129 qui
791 1056 831 1111 vei
842 1056 883 1109 vi-

54 1158 95 1203 tae
110 1148 150 1202 vei
168 1148 345 1224 mythologiae
360 1147 401 1204 vel
416 1147 598 1220 philosophiae
612 1148 780 1221 antiquorum
796 1147 883 1201 homi-

56 1259 120 1296 num
132 1241 323 1312 pernoscendae
335 1240 423 1295 studio
432 1249 560 1306 tenentur,
576 1240 717 1296 Hesiodeae
725 1257 833 1312 poeseos
843 1257 883 1293 re

56 1333 153 1404 liquias
171 1335 297 1405 quonium
311 1351 401 1389 reeens
415 1333 491 1389 edere
505 1334 634 1406 nouisque
651 1333 722 1408 typis
739 1333 883 1386 instaurare

55 1425 228 1480 Teuchnitius
241 1426 398 1491 decreuerat,
414 1426 487 1481 omni
500 1443 579 1498 opere
592 1424 763 1481 adnitendum
778 1423 836 1490 fuit,
854 1433 884 1478 ut

42 1524 143 1572 textus
158 1535 210 1572 non
224 1517 311 1574 solum
321 1518 493 1592 oorrigeretur
502 1524 628 1583 accurate,
643 1517 689 1572 sed
699 1526 724 1572 et
733 1516 884 1571 emendare·

55 1616 100 1685 tur
109 1608 224 1689 modeste
234 1628 267 1666 ex
276 1609 509 1682 praestantissimis
520 1609 658 1666 doctorum
667 1609 786 1665 virorum
796 1607 884 1663 lectio·
915 1666 917 1671 .

56 1700 151 1766 nibus,
168 1700 215 1774 qui
229 1719 275 1774 per
284 1702 349 1757 haec
361 1710 477 1774 tempora
486 1701 529 1757 his
542 1700 705 1757 carminibus
715 1701 811 1755 rectius
820 1717 883 1754 oon-

55 1792 196 1848 stituendis
210 1811 316 1865 operam
333 1812 409 1848 suam
424 1794 585 1849 dediderant.
624 1794 708 1868 Igitur
729 1791 812 1847 nullis
830 1808 884 1846 non

56 1884 99 1939 usi
113 1902 209 1940 sumus
224 1885 264 1940 vel
280 1886 466 1941 reoentioribus
480 1886 521 1940 vei
539 1885 659 1957 pristinis
674 1893 763 1958 poetae
778 1884 884 1939 editori-

56 1977 117 2040 bus,
129 1993 161 2032 ex
175 1977 275 2049 quibus
284 1975 355 2051 frugi
365 1977 467 2051 aliquid
481 1977 661 2034 adlectionem
674 1975 884 2032 eonstituendam

55 2067 175 2139 depromi
190 2075 286 2140 posset.
325 2069 358 2123 Et
373 2070 400 2124 in
410 2069 515 2144 Ἔργοις
528 2068 698 2124 restituimus
711 2068 769 2134 hio,
789 2085 885 2140 quom-

55 2176 138 2233 quam
157 2160 275 2215 inclusos
295 2159 439 2216 maximum
461 2169 575 2233 partem,
600 2177 692 2215 omnes
714 2176 758 2215 eos
778 2177 882 2223 versus,

55 2267 125 2323 quos
134 2250 284 2306 Brunolrius
294 2250 414 2317 eiecerat,
431 2252 465 2307 ed
474 2252 551 2308 ouius
561 2244 738 2308 repensionem
749 2251 821 2324 prior
830 2250 887 2306 edi-

55 2342 93 2397 tio
106 2342 236 2413 exscripto
250 2342 342 2400 fuerat.
380 2345 456 2401 Duos·
469 2352 557 2400 eutem
571 2344 636 2400 ulios
654 2360 716 2398 oum
730 2342 848 2415 Spohnio
861 2349 886 2395 et

56 2432 217 2508 Goottlingio
235 2436 395 2508 recepimus,
411 2453 526 2510 quorum
545 2435 609 2491 alter
622 2443 734 2508 postus.
751 2438 808 2489 rm.
823 2432 887 2490 alter

57 2532 119 2598 post
134 2527 192 2581 ⁴67.
209 2525 313 2601 legitur,
331 2534 500 2601 quorumque
513 2529 584 2600 prior
600 2547 615 2583 a
631 2527 744 2582 Diodoro
757 2525 878 2578 Siout&
889 2562 900 2581 x

59 2622 104 2674 66.
120 2616 269 2687 exhibetur,
285 2620 350 2677 alter
364 2620 431 2679 adeo
445 2620 476 2679 iu
491 2619 600 2694 ntiquot
610 2617 760 2674 podismus
771 2615 864 2665 extent
874 2610 932 2650 eus
